@Inbook{Nunes2016,
author="Nunes, Jo\~ao F.
and Pedro M. Moreira",
chapter="Human Motion Analysis and Simulation Tools: A Survey.",
title="Handbook of Research on Computational Simulation and Modeling in Engineering.",
year="2016",
pages="359--388",
%doi="10.4018/978-1-4666-8823-0.ch012",
}

@INPROCEEDINGS{Huang2015,
author={Jie Huang and Wengang Zhou and Houqiang Li and Weiping Li},
booktitle={Multimedia and Expo (ICME), 2015 IEEE International Conference on},
title={Sign Language Recognition using 3D convolutional neural networks},
year={2015},
pages={1-6},
keywords={handicapped aids;image colour analysis;neural nets;sign language recognition;social sciences;video signal processing;3D convolutional neural networks;CNN;Microsoft Kinect;SLR targets;body joint positions;color information;deaf-mute people;depth clue;hand gestures;ordinary people;sign language recognition;social impact;video streams;Assistive technology;Convolution;Feature extraction;Gesture recognition;Hidden Markov models;Three-dimensional displays;Trajectory;3D Convolutional Neural Networks;Deep Learning;Sign Language Recognition},
%doi={10.1109/ICME.2015.7177428},
month={June},}

@article{Chang201379,
title = "Physiological emotion analysis using support vector regression ",
journal = "Neurocomputing ",
volume = "122",
number = "",
pages = "79 - 87",
year = "2013",
issn = "0925-2312",
%doi = "http://dx.doi.org/10.1016/j.neucom.2013.02.041",
%url = "http://www.sciencedirect.com/science/article/pii/S0925231213005845",
author = "Chuan-Yu Chang and Chuan-Wang Chang and Jun-Ying Zheng and Pau-Choo Chung",
keywords = "Emotion recognition",
keywords = "Emotion induction experiment",
keywords = "Physiological signal",
keywords = "Support vector regression",
keywords = "Emotion trend curve "
}

@INPROCEEDINGS{Kobayashi2007,
author={Yuichi Kobayashi},
booktitle={Systems, Man and Cybernetics, 2007. ISIC. IEEE International Conference on},
title={The EMOSIGN - analyzing the emotion signature in human motion},
year={2007},
pages={1171-1176},
keywords={data analysis;emotion recognition;image classification;image motion analysis;singular value decomposition;vectors;EMOSIGN;anger emotion;animator;compact vector;emotion signature;higher order singular value decomposition;human gait motion;human motion classification;joy emotion;motion data analysis;Animation;Data analysis;Hidden Markov models;Humans;Image motion analysis;Matrix decomposition;Motion analysis;Motion measurement;Singular value decomposition;Tensile stress},
%doi={10.1109/ICSMC.2007.4413929},
month={Oct},}

@INPROCEEDINGS{Yu2015,
author={Yu, Zhibin and Lee, Minho},
booktitle={Emerging Spatial Competences: From Machine Perception to Sensorimotor Intelligence},
title={Human motion based intent recognition using a deep dynamic neural model},
year={2015},
pages={134-149},
volume={71},
%doi={10.1016/j.robot.2015.01.001},
month={September},}

@article{Kapsouras20141432,
title = "Action recognition on motion capture data using a dynemes and forward differences representation",
journal = "Journal of Visual Communication and Image Representation ",
volume = "25",
number = "6",
pages = "1432 - 1445",
year = "2014",
issn = "1047-3203",
%doi = "http://dx.doi.org/10.1016/j.jvcir.2014.04.007",
%url = "http://www.sciencedirect.com/science/article/pii/S1047320314000753",
author = "Ioannis Kapsouras and Nikos Nikolaidis",
keywords = "Action recognition",
keywords = "Action representation",
keywords = "Angular K-means",
keywords = "Skeleton animation",
keywords = "Motion capture data",
keywords = "Dynemes",
keywords = "Forward differences",
keywords = "Bag of words "
}

@article{Yoshinaga2015Doa,
title = "Development of a Motion Learning Support System Arranging and Showing Several Coaches' Motion Data ",
journal = "Procedia Computer Science ",
volume = "60",
number = "",
pages = "1497 - 1505",
year = "2015",
note = "Knowledge-Based and Intelligent Information \& Engineering Systems 19th Annual Conference, KES-2015, Singapore, September 2015 Proceedings ",
issn = "1877-0509",
%doi = "http://dx.doi.org/10.1016/j.procs.2015.08.235",
%url = "http://www.sciencedirect.com/science/article/pii/S1877050915023625",
author = "Toshihiro Yoshinaga and Masato Soga",
keywords = "Learning support",
keywords = "Skill",
keywords = "Motion",
keywords = "Average",
keywords = "Physique "
}

@article{Kora20151559,
title = "Golf Learning Environment Enabling Overlaid Display of Expert's Model Motion and Learner's Motion Using Kinect ",
journal = "Procedia Computer Science ",
volume = "60",
number = "",
pages = "1559 - 1565",
year = "2015",
note = "Knowledge-Based and Intelligent Information \& Engineering Systems 19th Annual Conference, KES-2015, Singapore, September 2015 Proceedings ",
issn = "1877-0509",
%doi = "http://dx.doi.org/10.1016/j.procs.2015.08.265",
%url = "http://www.sciencedirect.com/science/article/pii/S1877050915023923",
author = "Takahiro Kora and Masato Soga and Hirokazu Taki",
keywords = "Learning support",
keywords = "Skill",
keywords = "Motion",
keywords = "Golf",
keywords = "Swing form "
}

@article{YAMAOKA2013912,
title = "Feedback of Flying Disc Throw with Kinect and its Evaluation",
journal = "Procedia Computer Science",
volume = "22",
pages = "912 - 920",
year = "2013",
note = "17th International Conference in Knowledge Based and Intelligent Information and Engineering Systems - KES2013",
issn = "1877-0509",
%doi = "https://doi.org/10.1016/j.procs.2013.09.174",
%url = "http://www.sciencedirect.com/science/article/pii/S1877050913009678",
author = "Koji Yamaoka and Masataka Uehara and Takeshi Shima and Yasuhisa Tamura"
}

@article{Ng2008,
title = "Technology-Enhanced Learning For Music With I-Maestro Framework And Tools",
author = "Ng, Kia",
journal = "EVA 2008 London Conference",
year = "2008",
}

@phdthesis{BMT_2015,
title="Apprentissage automatique a partir de traces multi-sources heterogenes pour la modelisation de connaissances perceptivo-gestuelles",
author="Ben-Manson Toussaint",
school="Universite de Grenoble",
year="2015"
}

@article{Choi2015103,
title = "A virtual reality based simulator for learning nasogastric tube placement",
journal = "Computers in Biology and Medicine",
volume = "57",
number = "",
pages = "103 - 115",
year = "2015",
note = "",
issn = "0010-4825",
%doi = "http://dx.doi.org/10.1016/j.compbiomed.2014.12.006",
%url = "http://www.sciencedirect.com/science/article/pii/S0010482514003527",
author = "Kup-Sze Choi and Xuejian He and Vico Chung-Lim Chiang and Zhaohong Deng",
keywords = "Virtual reality",
keywords = "Haptic rendering",
keywords = "Nursing skills training",
keywords = "Clinical simulation",
keywords = "Nasogastric tube",
keywords = "Intubation "
}

@ARTICLE{Chan2011,
author={J. C. P. Chan and H. Leung and J. K. T. Tang and T. Komura},
journal={IEEE Transactions on Learning Technologies},
title={A Virtual Reality Dance Training System Using Motion Capture Technology},
year={2011},
volume={4},
number={2},
pages={187-195},
keywords={computer aided instruction;humanities;virtual reality;virtual reality dance training system;motion capture technology;movement learning;virtual teacher;Joints;Training;Three dimensional displays;Color;Games;Animation;Rendering (computer graphics);Animation;computer uses in education;motion analysis.},
%doi={10.1109/TLT.2010.27},
ISSN={1939-1382},
month={April},}

@Inbook{Basso2013,
author="Basso, Filippo
and Munaro, Matteo
and Michieletto, Stefano
and Pagello, Enrico
and Menegatti, Emanuele",
editor="Lee, Sukhan
and Cho, Hyungsuck
and Yoon, Kwang-Joon
and Lee, Jangmyung",
title="Fast and Robust Multi-people Tracking from RGB-D Data for a Mobile Robot",
bookTitle="Intelligent Autonomous Systems 12: Volume 1 Proceedings of the 12th International Conference IAS-12, held June 26-29, 2012, Jeju Island, Korea",
year="2013",
publisher="Springer Berlin Heidelberg",
address="Berlin, Heidelberg",
pages="265--276",
isbn="978-3-642-33926-4",
%doi="10.1007/978-3-642-33926-4_25",
%url="https://doi.org/10.1007/978-3-642-33926-4_25"
}

@INPROCEEDINGS{Izadi11kinectfusion,
    author = {Shahram Izadi and David Kim and Otmar Hilliges and David Molyneaux and Richard Newcombe and Pushmeet Kohli and Jamie Shotton and Steve Hodges and Dustin Freeman and Andrew Davison and Andrew Fitzgibbon},
    title = {Kinectfusion: real-time 3D reconstruction and interaction using a moving depth camera},
    booktitle = {In Proc. UIST},
    year = {2011},
    pages = {559--568}
}

@article{SREELAKSHMI20174182,
title = "Haptic Technology: A comprehensive review on its applications and future prospects",
journal = "Materials Today: Proceedings",
volume = "4",
number = "2, Part B",
pages = "4182 - 4187",
year = "2017",
note = "International Conference on Computing, Communication, Nanophotonics, Nanoscience, Nanomaterials and Nanotechnology",
issn = "2214-7853",
%doi = "https://doi.org/10.1016/j.matpr.2017.02.120",
%url = "http://www.sciencedirect.com/science/article/pii/S2214785317303188",
author = "M. Sreelakshmi and T.D. Subash",
keywords = "Human sense of touch, Tactile feedback, Virtual object creation and control, Phantom, Haptic rendering"
}

@inproceedings{Whitmire2018,
 author = {Whitmire, Eric and Benko, Hrvoje and Holz, Christian and Ofek, Eyal and Sinclair, Mike},
 title = {Demonstration of Haptic Revolver: Touch, Shear, Texture, and Shape Rendering on a VR Controller},
 booktitle = {Extended Abstracts of the 2018 CHI Conference on Human Factors in Computing Systems},
 series = {CHI EA '18},
 year = {2018},
 isbn = {978-1-4503-5621-3},
 location = {Montreal QC, Canada},
 pages = {D109:1--D109:4},
 articleno = {D109},
 numpages = {4},
 %url = {http://doi.acm.org/10.1145/3170427.3186515},
 %doi = {10.1145/3170427.3186515},
 %acmid = {3186515},
 publisher = {ACM},
 address = {New York, NY, USA},
 keywords = {haptics, virtual reality}
}

@article{CORREA20196,
title = "Haptic interaction for needle insertion training in medical applications: The state-of-the-art",
journal = "Medical Engineering \& Physics",
volume = "63",
pages = "6 - 25",
year = "2019",
issn = "1350-4533",
%doi = "https://doi.org/10.1016/j.medengphy.2018.11.002",
%url = "http://www.sciencedirect.com/science/article/pii/S135045331830167X",
author = "Cléber G. Corrêa and Fátima L.S. Nunes and Edith Ranzini and Ricardo Nakamura and Romero Tori",
keywords = "Haptics, Medical applications, Needle insertion, State-of-the-art, Training"
}

@article{PEPLEY20171066,
title = "Training Surgical Residents With a Haptic Robotic Central Venous Catheterization Simulator",
journal = "Journal of Surgical Education",
volume = "74",
number = "6",
pages = "1066 - 1073",
year = "2017",
issn = "1931-7204",
%doi = "https://doi.org/10.1016/j.jsurg.2017.06.003",
%url = "http://www.sciencedirect.com/science/article/pii/S1931720416303695",
author = "David F. Pepley and Adam B. Gordon and Mary A. Yovanoff and Katelin A. Mirkin and Scarlett R. Miller and David C. Han and Jason Z. Moore",
keywords = "central venous catheterization, computer simulation, haptic feedback, virtual reality, surgical education, Practice-Based Learning and Improvement"
}

@article{HALABI20189,
title = "Design and implementation of haptic virtual fixtures for preoperative surgical planning",
journal = "Displays",
volume = "54",
pages = "9 - 19",
year = "2018",
issn = "0141-9382",
%doi = "https://doi.org/10.1016/j.displa.2018.07.004",
%url = "http://www.sciencedirect.com/science/article/pii/S0141938217301658",
author = "Osama Halabi and Yasmin Halwani",
keywords = "Virtual fixtures, Surgical planning, Haptic guidance, Forbidden region, Tele-robotic surgery"
}

@article{CHO2013649,
title = "Adaptive occlusion state estimation for human pose tracking under self-occlusions",
journal = "Pattern Recognition",
volume = "46",
number = "3",
pages = "649 - 661",
year = "2013",
issn = "0031-3203",
%doi = "https://doi.org/10.1016/j.patcog.2012.09.006",
%url = "http://www.sciencedirect.com/science/article/pii/S0031320312003986",
author = "Nam-Gyu Cho and Alan L. Yuille and Seong-Whan Lee",
keywords = "3D human pose tracking, Computer vision, Self-occlusion"
}

@online{perceptionNeuron,
  author = {NOITOM},
  title = {Perception Neuron},
  year = 2015,
  url = {https://neuronmocap.com/products/perception_neuron},
  urldate = {2019-07-03}
}


@article{PORCIUNCULA2018S220,
title = "Wearable Movement Sensors for Rehabilitation: A Focused Review of Technological and Clinical Advances",
journal = "PM\&R",
volume = "10",
number = "9, Supplement 2",
pages = "S220 - S232",
year = "2018",
note = "Innovations Influencing Physical Medicine and Rehabilitation",
issn = "1934-1482",
%doi = "https://doi.org/10.1016/j.pmrj.2018.06.013",
%url = "http://www.sciencedirect.com/science/article/pii/S1934148218303630",
author = "Franchino Porciuncula and Anna Virginia Roto and Deepak Kumar and Irene Davis and Serge Roy and Conor J. Walsh and Louis N. Awad",
}

@article{Dekker2018BF,
author = {Dekker,P. J.  and Eek,L. A. G.  and Flapper,M. M.  and Horstink,H. J. C.  and Meulenkamp,A. R.  and van der Meulen,J.  and Kooij,E. S.  and Snoeijer,J. H.  and Marin,A. },
title = {Water bottle flipping physics},
journal = {American Journal of Physics},
volume = {86},
number = {10},
pages = {733-739},
year = {2018},
%doi = {10.1119/1.5052441},
%url = {https://doi.org/10.1119/1.5052441},
%eprint =  {https://doi.org/10.1119/1.5052441}
}

@article{Brotman1988MIO,
 author = {Brotman, Lynne Shapiro and Netravali, Arun N.},
 title = {Motion Interpolation by Optimal Control},
 journal = {SIGGRAPH Comput. Graph.},
 issue_date = {Aug. 1988},
 volume = {22},
 number = {4},
 month = jun,
 year = {1988},
 issn = {0097-8930},
 pages = {309--315},
 numpages = {7},
 %url = {http://doi.acm.org/10.1145/378456.378531},
 %doi = {10.1145/378456.378531},
 acmid = {378531},
 publisher = {ACM},
 address = {New York, NY, USA},
 keywords = {animation, dynamics, interpolation and control theory},
}

@online{BottleFlipChallengeOrigin,
  author = {Maeve McDermott},
  title = {Watch the simple water bottle flip that dominated this teen's talent show},
  year = 2016,
  url = {https://eu.usatoday.com/story/life/entertainthis/2016/05/26/teen-water-bottle-flip-viral-video-mike-senatore/84964358/},
  urldate = {2019-07-10}
}

@online{BFCAnalysis,
  author = {UKessays},
  title = {Physics of the Bottle Flip Challenge},
  year = 2017,
  url = {https://www.ukessays.com/essays/physics/physics-bottle-flip-challenge-2329.php},
  urldate = {2019-08-11}
}

@inproceedings{larboulette2015Descriptors,
  TITLE = {{A Review of Computable Expressive Descriptors of Human Motion}},
  AUTHOR = {Larboulette, Caroline and Gibet, Sylvie},
  %URL = {https://hal.archives-ouvertes.fr/hal-01196267},
  BOOKTITLE = {{MOCO 2015 : 2nd International Workshop on Movement and Computing}},
  ADDRESS = {Vancouver, Canada},
  SERIES = {Proceedings of the International Workshop on Movement and Computing},
  PAGES = {21-28},
  YEAR = {2015},
  MONTH = {Aug},
  %DOI = {10.1145/2790994.2790998},
  KEYWORDS = {Expressive descriptors ; human motion ; motion capture ; movement quality},
}

@ARTICLE{Lin2014Seg,
author={J. F. {Lin} and D. {Kulić}},
journal={IEEE Transactions on Neural Systems and Rehabilitation Engineering},
title={Online Segmentation of Human Motion for Automated Rehabilitation Exercise Analysis},
year={2014},
volume={22},
number={1},
pages={168-180},
keywords={feature extraction;gait analysis;hidden Markov models;medical signal processing;patient rehabilitation;stochastic processes;time series;human motion;automated rehabilitation exercise analysis;automated analysis;rehabilitation movements;movement repetition identification;movement repetition segmentation;online automated segmentation;continuous time-series data;body-mounted inertial measurement;motion capture data;two-stage identification;two-stage recognition;velocity features;stochastic modeling;characteristic sequence;hidden Markov models;user-independent templates;Feature extraction;hidden Markov models;motion analysis;pattern recognition;Actigraphy;Algorithms;Data Interpretation, Statistical;Diagnosis, Computer-Assisted;Exercise Therapy;Female;Humans;Male;Movement;Online Systems;Pattern Recognition, Automated;Reproducibility of Results;Sensitivity and Specificity;Therapy, Computer-Assisted;Young Adult},
%doi={10.1109/TNSRE.2013.2259640},
ISSN={1534-4320},
month={Jan},}

@INPROCEEDINGS{Hoai2011Seg,
author={M. {Hoai} and Z. {Lan} and F. {De la Torre}},
booktitle={CVPR 2011},
title={Joint segmentation and classification of human actions in video},
year={2011},
volume={},
number={},
pages={3265-3272},
keywords={belief networks;computer vision;dynamic programming;image classification;image segmentation;inference mechanisms;object recognition;support vector machines;video signal processing;human action segmentation;human action classification;automatic video segmentation;action recognition;computer vision;dynamic Bayesian networks;discriminative temporal extension;spatial bag-of-words model;object recognition;multiclass SVM framework;inference;dynamic programming;honeybee dataset;Weizmann dataset;Hollywood dataset;Hidden Markov models;Support vector machines;Motion segmentation;Time series analysis;Humans;Joints;Training},
%doi={10.1109/CVPR.2011.5995470},
ISSN={1063-6919},
month={June},}

BibTeX | EndNote | ACM Ref
@inproceedings{Muller2009ERA,
 author = {M\"{u}ller, Meinard and Baak, Andreas and Seidel, Hans-Peter},
 title = {Efficient and Robust Annotation of Motion Capture Data},
 booktitle = {Proceedings of the 2009 ACM SIGGRAPH/Eurographics Symposium on Computer Animation},
 series = {SCA '09},
 year = {2009},
 isbn = {978-1-60558-610-6},
 location = {New Orleans, Louisiana},
 pages = {17--26},
 numpages = {10},
 url = {http://doi.acm.org/10.1145/1599470.1599473},
 doi = {10.1145/1599470.1599473},
 acmid = {1599473},
 publisher = {ACM},
 address = {New York, NY, USA},
}

@InProceedings{Fengjun2006Ada,
author="Lv, Fengjun
and Nevatia, Ramakant",
editor="Leonardis, Ale{\v{s}}
and Bischof, Horst
and Pinz, Axel",
title="Recognition and Segmentation of 3-D Human Action Using HMM and Multi-class AdaBoost",
booktitle="Computer Vision -- ECCV 2006",
year="2006",
publisher="Springer Berlin Heidelberg",
address="Berlin, Heidelberg",
pages="359--372",
isbn="978-3-540-33839-0"
}

@InProceedings{Bouchard2007SSM,
author="Bouchard, Durell
and Badler, Norman",
editor="Pelachaud, Catherine
and Martin, Jean-Claude
and Andr{\'e}, Elisabeth
and Chollet, G{\'e}rard
and Karpouzis, Kostas
and Pel{\'e}, Danielle",
title="Semantic Segmentation of Motion Capture Using Laban Movement Analysis",
booktitle="Intelligent Virtual Agents",
year="2007",
publisher="Springer Berlin Heidelberg",
address="Berlin, Heidelberg",
pages="37--44",
isbn="978-3-540-74997-4"
}

@online{CMUDatabase,
  author = {Carnegie Mellon University},
  title = {CMU Graphics Lab Motion Capture Database},
  year = 2016,
  url = {http://mocap.cs.cmu.edu/},
  urldate = {2019-07-11}
}

@online{HDM05Database,
  author = {M. Müller and T. Röder and M. Clausen and B. Eberhardt and B. Krüger and A. Weber},
  title = {Motion Capture Database HDM05},
  year = 2007,
  url = {http://resources.mpi-inf.mpg.de/HDM05/},
  urldate = {2019-07-11}
}

@online{UTKinectDatabase,
  author = {Lu Xia and Chia-Chih Chen, and J. K. Aggarwal},
  title = {UTKinect-Action3D Dataset},
  year = 2012,
  url = {http://cvrc.ece.utexas.edu/KinectDatasets/HOJ3D.html},
  urldate = {2019-11-18}
}


@ARTICLE{Kruger2017EUT,
author={B. {Krüger} and A. {Vögele} and T. {Willig} and A. {Yao} and R. {Klein} and A. {Weber}},
journal={IEEE Transactions on Multimedia},
title={Efficient Unsupervised Temporal Segmentation of Motion Data},
year={2017},
volume={19},
number={4},
pages={797-812},
%doi={10.1109/TMM.2016.2635030},
ISSN={1520-9210},
month={April},}

@inproceedings{Barbic2004SMC,
 author = {Barbi\v{c}, Jernej and Safonova, Alla and Pan, Jia-Yu and Faloutsos, Christos and Hodgins, Jessica K. and Pollard, Nancy S.},
 title = {Segmenting Motion Capture Data into Distinct Behaviors},
 booktitle = {Proceedings of Graphics Interface 2004},
 series = {GI '04},
 year = {2004},
 isbn = {1-56881-227-2},
 location = {London, Ontario, Canada},
 pages = {185--194},
 numpages = {10},
 %url = {http://dl.acm.org/citation.cfm?id=1006058.1006081},
 acmid = {1006081},
 publisher = {Canadian Human-Computer Communications Society},
 address = {School of Computer Science, University of Waterloo, Waterloo, Ontario, Canada},
 keywords = {PCA, human motion, motion capture, motion segmentation},
}


@article{Tipping1999PPCA,
title = "Probabilistic principal component analysis",
journal = "Journal of the Royal Statistical Society, Series B ",
 author = "M. E. Tipping and C. M. Bishop",
volume = "61",
number = "",
pages = "611 - 622",
year = "1999",
}

@INPROCEEDINGS{Zhou2008ACA,
author={ {Feng Zhou} and F. {De la Torre} and J. K. {Hodgins}},
booktitle={2008 8th IEEE International Conference on Automatic Face Gesture Recognition},
title={Aligned Cluster Analysis for temporal segmentation of human motion},
year={2008},
volume={},
number={},
pages={1-7},
keywords={image motion analysis;image segmentation;pattern clustering;aligned cluster analysis;temporal segmentation;human motion;human action periodicity;movement combination;motion capture data;k-means clustering;dynamic time warping kernel;Humans;Motion analysis;Clustering algorithms;Kernel;Computer vision;Spatial databases;Motion segmentation;Graphics;Principal component analysis;Robots},
%doi={10.1109/AFGR.2008.4813468},
ISSN={},
month={Sep.},}

@inproceedings{Berndt1994DTW,
 author = {Berndt, Donald J. and Clifford, James},
 title = {Using Dynamic Time Warping to Find Patterns in Time Series},
 booktitle = {Proceedings of the 3rd International Conference on Knowledge Discovery and Data Mining},
 series = {AAAIWS'94},
 year = {1994},
 location = {Seattle, WA},
 pages = {359--370},
 numpages = {12},
 %url = {http://dl.acm.org/citation.cfm?id=3000850.3000887},
 acmid = {3000887},
 publisher = {AAAI Press},
 keywords = {dynamic programming, dynamic time warping, knowledge discovery, pattern analysis, time series},
}

@article{Savitsky1964SaD,
author = {Savitzky, Abraham. and Golay, M. J. E.},
title = {Smoothing and Differentiation of Data by Simplified Least Squares Procedures.},
journal = {Analytical Chemistry},
volume = {36},
number = {8},
pages = {1627-1639},
year = {1964},
%doi = {10.1021/ac60214a047},
}

@InProceedings{Rojas2015MCS,
author="Rojas-Lertxundi, Sendoa
and Fern{\'a}ndez-L{\'o}pez, J. Ram{\'o}n
and Huerta, Sergio
and Gar{\'i}a Bringas, Pablo",
editor="Onieva, Enrique
and Santos, Igor
and Osaba, Eneko
and Quinti{\'a}n, H{\'e}ctor
and Corchado, Emilio",
title="Motion Capture Systems for Jump Analysis",
booktitle="Hybrid Artificial Intelligent Systems",
year="2015",
publisher="Springer International Publishing",
address="Cham",
pages="111--124",
isbn="978-3-319-19644-2"
}

@article{KRISTIANSLUND2012Eol,
title = "Effect of low pass filtering on joint moments from inverse dynamics: Implications for injury prevention",
journal = "Journal of Biomechanics",
volume = "45",
number = "4",
pages = "666 - 671",
year = "2012",
issn = "0021-9290",
%doi = "https://doi.org/10.1016/j.jbiomech.2011.12.011",
%url = "http://www.sciencedirect.com/science/article/pii/S0021929011007792",
author = "Eirik Kristianslund and Tron Krosshaug and Antonie J. van den Bogert",
keywords = "Signal filtering, Joint moments, Anterior cruciate ligament",
}

@article{Malfait2014Hra,
  title="How reliable are lower-limb kinematics and kinetics during a drop vertical jump?",
  author ="Malfait, B. and Sankey, S and Firhad Raja Azidin, RM. and Deschamps, K. and Vanrenterghem, J. and Robinson, MA. and Staes, F. and Verschueren, S.",
  journal="Medicine and science in sports and exercise",
  volume="46",
  year="2014",
}

@INPROCEEDINGS{Zihajehzadeh2014Act,
author={S. {Zihajehzadeh} and D. {Loh} and M. {Lee} and R. {Hoskinson} and E. J. {Park}},
booktitle={2014 36th Annual International Conference of the IEEE Engineering in Medicine and Biology Society},
title={A cascaded two-step Kalman filter for estimation of human body segment orientation using MEMS-IMU},
year={2014},
volume={},
number={},
pages={6270-6273},
keywords={biomechanics;biomedical measurement;bioMEMS;body sensor networks;inertial systems;Kalman filters;kinematics;magnetic sensors;medical signal processing;microsensors;magnetically disturbed conditions;kinematically disturbed conditions;tactical grade IMU;yaw angle calculation;tilt angles;cascaded two-step Kalman filter orientation estimation algorithm;miniature body worn MEMS-based inertial measurement units;raw data;drift-free 3-D orientation;biomechanical analyses;MEMS-IMU;human body segment orientation estimation;Kalman filters;Vectors;Acceleration;Magnetometers;Accelerometers;Gyroscopes;Estimation;Acceleration;Algorithms;Biomechanical Phenomena;Human Body;Humans;Locomotion;Micro-Electrical-Mechanical Systems;Orientation},
%doi={10.1109/EMBC.2014.6945062},
ISSN={1094-687X},
month={Aug},}

@INPROCEEDINGS{Marins2001AeK,
author={J. L. {Marins} and {Xiaoping Yun} and E. R. {Bachmann} and R. B. {McGhee} and M. J. {Zyda}},
booktitle={Proceedings 2001 IEEE/RSJ International Conference on Intelligent Robots and Systems. Expanding the Societal Role of Robotics in the the Next Millennium (Cat. No.01CH37180)},
title={An extended Kalman filter for quaternion-based orientation estimation using MARG sensors},
year={2001},
volume={4},
number={},
pages={2003-2011 vol.4},
keywords={Kalman filters;nonlinear filters;magnetic sensors;magnetometers;position measurement;angular measurement;state estimation;accelerometers;convergence;matrix algebra;Newton method;extended Kalman filter;quaternion-based orientation estimation;MARG sensors;real-time estimation;rigid body orientation;gravity sensors;three-axis accelerometer;singularities;attitude estimation;process model;rigid body angular motions;Gauss-Newton iteration algorithm;magnetic sensors;three-axis magnetometer;three-axis angular rate sensor;Quaternions;Magnetic field measurement;Magnetic sensors;Filters;Magnetic separation;Earth;Testing;Gravity;Magnetometers;Accelerometers},
%doi={10.1109/IROS.2001.976367},
ISSN={},
month={Oct},}

@article{Luinge1999Eow,
title = "Estimating orientation with gyroscopes and accelerometers",
keywords = "METIS-111753, IR-61424",
author = "Luinge, {Hendrik J.} and Veltink, {Petrus H.} and Baten, {Christian T.M.}",
year = "1999",
language = "Undefined",
volume = "7",
pages = "455--459",
journal = "Technology and health care",
issn = "0928-7329",
publisher = "IOS Press",
number = "6",
}

@article{Moschas2011Mot,
title = "Measurement of the dynamic displacements and of the modal frequencies of a short-span pedestrian bridge using GPS and an accelerometer",
journal = "Engineering Structures",
volume = "33",
number = "1",
pages = "10 - 17",
year = "2011",
issn = "0141-0296",
%doi = "https://doi.org/10.1016/j.engstruct.2010.09.013",
%url = "http://www.sciencedirect.com/science/article/pii/S0141029610003500",
author = "Fanis Moschas and Stathis Stiros",
keywords = "Structural health monitoring, GPS, Digital signal processing, Accelerometer, Displacement, Measurement, Bridge, Oscillation",
}

@book{Jain1988ACD,
 author = {Jain, Anil K. and Dubes, Richard C.},
 title = {Algorithms for Clustering Data},
 year = {1988},
 isbn = {0-13-022278-X},
 publisher = {Prentice-Hall, Inc.},
 address = {Upper Saddle River, NJ, USA},
}

@ARTICLE{Maulik2002Peo,
author={U. {Maulik} and S. {Bandyopadhyay}},
journal={IEEE Transactions on Pattern Analysis and Machine Intelligence},
title={Performance evaluation of some clustering algorithms and validity indices},
year={2002},
volume={24},
number={12},
pages={1650-1654},
keywords={simulated annealing;pattern clustering;pattern classification;software performance evaluation;unsupervised learning;clustering algorithms;hard K-Means;single linkage;simulated annealing;cluster validity indices;Davies-Bouldin index;Dunn index;Calinski-Harabasz index;validity index;unsupervised classification;clustering;partition matrix;Clustering algorithms;Partitioning algorithms;Couplings;Simulated annealing;Clustering methods;Estimation theory;Euclidean distance;Virtual manufacturing;Temperature},
%doi={10.1109/TPAMI.2002.1114856},
ISSN={0162-8828},
month={Dec},}

@article{Rousseeuw1987Sag,
title = "Silhouettes: A graphical aid to the interpretation and validation of cluster analysis",
journal = "Journal of Computational and Applied Mathematics",
volume = "20",
pages = "53 - 65",
year = "1987",
issn = "0377-0427",
%doi = "https://doi.org/10.1016/0377-0427(87)90125-7",
%url = "http://www.sciencedirect.com/science/article/pii/0377042787901257",
author = "Peter J. Rousseeuw",
keywords = "Graphical display, cluster analysis, clustering validity, classification",
}

@article{Struyf1997Cia,
   author = {Anja Struyf and Mia Hubert and Peter Rousseeuw},
   title = {Clustering in an Object-Oriented Environment},
   journal = {Journal of Statistical Software, Articles},
   volume = {1},
   number = {4},
   year = {1997},
   keywords = {},
   issn = {1548-7660},
   pages = {1--30},
   %doi = {10.18637/jss.v001.i04},
   %url = {https://www.jstatsoft.org/v001/i04}
}

@article{Rand2971RI,
 ISSN = {01621459},
 %URL = {http://www.jstor.org/stable/2284239},
 author = {William M. Rand},
 journal = {Journal of the American Statistical Association},
 number = {336},
 pages = {846--850},
 publisher = {[American Statistical Association, Taylor & Francis, Ltd.]},
 title = {Objective Criteria for the Evaluation of Clustering Methods},
 volume = {66},
 year = {1971}
}



@article{Morey1984ARI,
author = {Leslie C. Morey and Alan Agresti},
title ={The Measurement of Classification Agreement: An Adjustment to the Rand Statistic for Chance Agreement},
journal = {Educational and Psychological Measurement},
volume = {44},
number = {1},
pages = {33-37},
year = {1984},
%doi = {10.1177/0013164484441003},
%url = {https://doi.org/10.1177/0013164484441003},
%eprint = {https://doi.org/10.1177/0013164484441003}
}

@article{Meila2007Cca,
title = "Comparing clusterings—an information based distance",
journal = "Journal of Multivariate Analysis",
volume = "98",
number = "5",
pages = "873 - 895",
year = "2007",
issn = "0047-259X",
%doi = "https://doi.org/10.1016/j.jmva.2006.11.013",
%url = "http://www.sciencedirect.com/science/article/pii/S0047259X06002016",
author = "Marina Meilă",
keywords = "Agreement measures, Clustering, Comparing partitions, Information theory, Mutual information, Similarity measures",
}

@Article{Hubert1985Cp,
author="Hubert, Lawrence
and Arabie, Phipps",
title="Comparing partitions",
journal="Journal of Classification",
year="1985",
month="Dec",
day="01",
volume="2",
number="1",
pages="193--218",
issn="1432-1343",
%doi="10.1007/BF01908075",
%url="https://doi.org/10.1007/BF01908075"
}

@article{Wang2003Rdi,
title = "Recent developments in human motion analysis",
journal = "Pattern Recognition",
volume = "36",
number = "3",
pages = "585 - 601",
year = "2003",
issn = "0031-3203",
%doi = "https://doi.org/10.1016/S0031-3203(02)00100-0",
%url = "http://www.sciencedirect.com/science/article/pii/S0031320302001000",
author = "Liang Wang and Weiming Hu and Tieniu Tan",
keywords = "Human motion analysis, Detection, Tracking, Behavior understanding, Semantic description",
}

@article{Ferrari2018MAS,
title = "Motion Analysis System for the digitalization and assessment of manual manufacturing and assembly processes",
journal = "IFAC-PapersOnLine",
volume = "51",
number = "11",
pages = "411 - 416",
year = "2018",
note = "16th IFAC Symposium on Information Control Problems in Manufacturing INCOM 2018",
issn = "2405-8963",
%doi = "https://doi.org/10.1016/j.ifacol.2018.08.329",
%url = "http://www.sciencedirect.com/science/article/pii/S2405896318314538",
author = "Emilio Ferrari and Mauro Gamberi and Francesco Pilati and Alberto Regattieri",
keywords = "Motion capture, Depth camera, Control volume, Industry 4.0, Smart factory, Manufacturing, Assembly, Assessment, KPI, Performance, Digitalization",
}

@InProceedings{Makio2007DoS,
author="Makio, Kosuke
and Tanaka, Yoshiki
and Uehara, Kuniaki",
editor="Sakurai, Akito
and Hasida, K{\^o}iti
and Nitta, Katsumi",
title="Discovery of Skills from Motion Data",
booktitle="New Frontiers in Artificial Intelligence",
year="2007",
publisher="Springer Berlin Heidelberg",
address="Berlin, Heidelberg",
pages="266--282",
}

@ARTICLE{Giansanti2003Iif,
author={D. {Giansanti} and V. {Macellari} and G. {Maccioni} and A. {Cappozzo}},
journal={IEEE Transactions on Biomedical Engineering},
title={Is it feasible to reconstruct body segment 3-D position and orientation using accelerometric data?},
year={2003},
volume={50},
number={4},
pages={476-483},
%doi={10.1109/TBME.2003.809490},
ISSN={0018-9294},
month={April},}

@INPROCEEDINGS{Huang2015SLR,
author={ {Jie Huang} and {Wengang Zhou} and {Houqiang Li} and {Weiping Li}},
booktitle={2015 IEEE International Conference on Multimedia and Expo (ICME)},
title={Sign Language Recognition using 3D convolutional neural networks},
year={2015},
volume={},
number={},
pages={1-6},
keywords={handicapped aids;image colour analysis;neural nets;sign language recognition;social sciences;video signal processing;sign language recognition;3D convolutional neural networks;SLR targets;deaf-mute people;ordinary people;social impact;hand gestures;CNN;video streams;color information;depth clue;body joint positions;Microsoft Kinect;Three-dimensional displays;Feature extraction;Gesture recognition;Assistive technology;Hidden Markov models;Convolution;Trajectory;Sign Language Recognition;3D Convolutional Neural Networks;Deep Learning},
%doi={10.1109/ICME.2015.7177428},
ISSN={1945-7871},
month={June},}

@article{Chang2013Pea,
title = "Physiological emotion analysis using support vector regression",
journal = "Neurocomputing",
volume = "122",
pages = "79 - 87",
year = "2013",
note = "Advances in cognitive and ubiquitous computing",
issn = "0925-2312",
%doi = "https://doi.org/10.1016/j.neucom.2013.02.041",
%url = "http://www.sciencedirect.com/science/article/pii/S0925231213005845",
author = "Chuan-Yu Chang and Chuan-Wang Chang and Jun-Ying Zheng and Pau-Choo Chung",
keywords = "Emotion recognition, Emotion induction experiment, Physiological signal, Support vector regression, Emotion trend curve",
}

@INPROCEEDINGS{Yuichi2007TEa,
author={ {Yuichi Kobayashi}},
booktitle={2007 IEEE International Conference on Systems, Man and Cybernetics},
title={The EMOSIGN - analyzing the emotion signature in human motion},
year={2007},
volume={},
number={},
pages={1171-1176},
keywords={data analysis;emotion recognition;image classification;image motion analysis;singular value decomposition;vectors;EMOSIGN;emotion signature;human motion classification;motion data analysis;higher order singular value decomposition;compact vector;anger emotion;joy emotion;human gait motion;animator;Humans;Motion analysis;Tensile stress;Matrix decomposition;Data analysis;Hidden Markov models;Singular value decomposition;Motion measurement;Image motion analysis;Animation},
%doi={10.1109/ICSMC.2007.4413929},
ISSN={1062-922X},
month={Oct},}

@article{Yu2015Hmb,
title = "Human motion based intent recognition using a deep dynamic neural model",
journal = "Robotics and Autonomous Systems",
volume = "71",
pages = "134 - 149",
year = "2015",
note = "Emerging Spatial Competences: From Machine Perception to Sensorimotor Intelligence",
issn = "0921-8890",
%doi = "https://doi.org/10.1016/j.robot.2015.01.001",
%url = "http://www.sciencedirect.com/science/article/pii/S0921889015000081",
author = "Zhibin Yu and Minho Lee",
keywords = "Human motion, Supervised MTRNN, Deep dynamic neural model, Motion classification, Intent recognition",
}

@article{Kapsouras2014Aro,
title = "Action recognition on motion capture data using a dynemes and forward differences representation",
journal = "Journal of Visual Communication and Image Representation",
volume = "25",
number = "6",
pages = "1432 - 1445",
year = "2014",
issn = "1047-3203",
%doi = "https://doi.org/10.1016/j.jvcir.2014.04.007",
%url = "http://www.sciencedirect.com/science/article/pii/S1047320314000753",
author = "Ioannis Kapsouras and Nikos Nikolaidis",
keywords = "Action recognition, Action representation, Angular K-means, Skeleton animation, Motion capture data, Dynemes, Forward differences, Bag of words",
}

@InProceedings{Bouchard2007SSo,
author="Bouchard, Durell
and Badler, Norman",
editor="Pelachaud, Catherine
and Martin, Jean-Claude
and Andr{\'e}, Elisabeth
and Chollet, G{\'e}rard
and Karpouzis, Kostas
and Pel{\'e}, Danielle",
title="Semantic Segmentation of Motion Capture Using Laban Movement Analysis",
booktitle="Intelligent Virtual Agents",
year="2007",
publisher="Springer Berlin Heidelberg",
address="Berlin, Heidelberg",
pages="37--44",
isbn="978-3-540-74997-4"
}

@InProceedings{Camurri2004AoE,
author="Camurri, Antonio
and Mazzarino, Barbara
and Volpe, Gualtiero",
editor="Camurri, Antonio
and Volpe, Gualtiero",
title="Analysis of Expressive Gesture: The EyesWeb Expressive Gesture Processing Library",
booktitle="Gesture-Based Communication in Human-Computer Interaction",
year="2004",
publisher="Springer Berlin Heidelberg",
address="Berlin, Heidelberg",
pages="460--467",
isbn="978-3-540-24598-8"
}

@INPROCEEDINGS{Dariush2008Wbh,
author={B. {Dariush} and M. {Gienger} and B. {Jian} and C. {Goerick} and K. {Fujimura}},
booktitle={2008 IEEE International Conference on Robotics and Automation},
title={Whole body humanoid control from human motion descriptors},
year={2008},
volume={},
number={},
pages={2677-2684},
keywords={humanoid robots;learning (artificial intelligence);motion control;whole body humanoid control;human motion descriptors;advanced motion control;robotics;human motion data capture;complex robot motion learning;direct robot control;online robot control;Cartesian space;humanoid retargeting problem;task space control problem;retargeting algorithm;retargeting control algorithm;Honda humanoid robot ASIMO;Motion control;Humans;Robot programming;Robot motion;Robot control;Instruments;Central nervous system;Centralized control;Control systems;Velocity control},
%doi={10.1109/ROBOT.2008.4543616},
ISSN={1050-4729},
month={May},}

@article{Xiao2015Sbh,
title = "Sketch-based human motion retrieval via selected 2D geometric posture descriptor",
journal = "Signal Processing",
volume = "113",
pages = "1 - 8",
year = "2015",
issn = "0165-1684",
%doi = "https://doi.org/10.1016/j.sigpro.2015.01.004",
%url = "http://www.sciencedirect.com/science/article/pii/S0165168415000067",
author = "Jun Xiao and Zhangpeng Tang and Yinfu Feng and Zhidong Xiao",
keywords = "Motion retrieval, Sketch-based, Feature selection, Computer animation",
}

@article{Delaye2013HBF,
title = "HBF49 feature set: A first unified baseline for online symbol recognition",
journal = "Pattern Recognition",
volume = "46",
number = "1",
pages = "117 - 130",
year = "2013",
issn = "0031-3203",
%doi = "https://doi.org/10.1016/j.patcog.2012.07.015",
%url = "http://www.sciencedirect.com/science/article/pii/S0031320312003317",
author = "Adrien Delaye and Eric Anquetil",
keywords = "Feature extraction, Online sketch recognition, Graphics recognition, Symbol recognition, Pen-based gesture, Handwriting recognition, Benchmarking",
}

@INPROCEEDINGS{Boulahia2016HIF,
author={S. Y. {Boulahia} and E. {Anquetil} and R. {Kulpa} and F. {Multon}},
booktitle={2016 23rd International Conference on Pattern Recognition (ICPR)},
title={HIF3D: Handwriting-Inspired Features for 3D skeleton-based action recognition},
year={2016},
volume={},
number={},
pages={985-990},
keywords={feature extraction;handwriting recognition;image classification;object recognition;support vector machines;HIF3D;handwriting-inspired features;3D skeleton-based action recognition;human skeleton structure;capture technologies;skeleton extraction algorithms;handwritten symbols;handwritten patterns;handwriting feature-set;skeleton descriptor;data preprocessing;joint trajectories;actor morphologies;HIF3D feature extraction;time partitioning scheme;temporal information encoding;support vector machine;SVM;classification step;HDM05;UTKinect;Trajectory;Three-dimensional displays;Handwriting recognition;Feature extraction;Skeleton;Two dimensional displays;Human action recognition;Skeleton-based features;HIF3D;RGB-D data;Handwriting-Inspired Features;Joint trajectory modelling},
%doi={10.1109/ICPR.2016.7899764},
ISSN={},
month={Dec},}

@article{Rao2002VRR,
 author = {Rao, Cen and Yilmaz, Alper and Shah, Mubarak},
 title = {View-Invariant Representation and Recognition of Actions},
 journal = {Int. J. Comput. Vision},
 issue_date = {November 2002},
 volume = {50},
 number = {2},
 month = nov,
 year = {2002},
 issn = {0920-5691},
 pages = {203--226},
 numpages = {24},
 %url = {https://doi.org/10.1023/A:1020350100748},
 %doi = {10.1023/A:1020350100748},
 acmid = {598533},
 publisher = {Kluwer Academic Publishers},
 address = {Norwell, MA, USA},
 keywords = {action recognition, human perception, instants, spatio-temporal curvature, view-invariant matching, view-invariant representation},
}

@inproceedings{Kuipers2000QaR,
address = "Sofia, Bulgaria",
author = "Kuipers, Jack B.",
booktitle = "Proceedings of the International Conference on Geometry, Integrability and Quantization",
%doi = "10.7546/giq-1-2000-127-143",
pages = "127--143",
publisher = "Coral Press Scientific Publishing",
title = "Quaternions and Rotation Sequences",
%url = "https://doi.org/10.7546/giq-1-2000-127-143",
year = "2000"
}*
@INPROCEEDINGS{Sakurai2015Ros,
author={K. {Sakurai} and W. {Choi} and L. {Li} and K. {Hachimura}},
booktitle={2014 14th International Conference on Control, Automation and Systems (ICCAS 2014)},
title={Retrieval of similar behavior data using Kinect data},
year={2014},
volume={},
number={},
pages={1368-1372},
keywords={computer animation;image motion analysis;image retrieval;image sensors;solid modelling;query data normalization;DTW;dynamic time warping;Kinect motion sensor;motion data retrieval;3D character animation;3D CG contents;motion capture data;Kinect data;similar behavior data retrieval;Three-dimensional displays;Computer graphics;Foot;Kinect;Motion Capture;DTW;Pattern Recognition},
%doi={10.1109/ICCAS.2014.6987769},
ISSN={2093-7121},
month={Oct},}

@inproceedings{Ekman1978Fac,
  title={Facial action coding system: a technique for the measurement of facial movement},
  author={Paul Ekman and Wallace V. Friesen},
  year={1978}
}

@article{SanchezMendosa2015Erf,
title = "Emotion recognition from mid-level features",
journal = "Pattern Recognition Letters",
volume = "67",
pages = "66 - 74",
year = "2015",
note = "Cognitive Systems for Knowledge Discovery",
issn = "0167-8655",
%doi = "https://doi.org/10.1016/j.patrec.2015.06.007",
%url = "http://www.sciencedirect.com/science/article/pii/S0167865515001695",
author = "David Sanchez-Mendoza and David Masip and Agata Lapedriza",
keywords = "Facial expression, Emotion recognition, Action units, Computer vision",
}

@article{Malatesta2016Age,
title = "Associating gesture expressivity with affective representations",
journal = "Engineering Applications of Artificial Intelligence",
volume = "51",
pages = "124 - 135",
year = "2016",
note = "Mining the Humanities: Technologies and Applications",
issn = "0952-1976",
%doi = "https://doi.org/10.1016/j.engappai.2016.01.010",
%url = "http://www.sciencedirect.com/science/article/pii/S0952197616000142",
author = "Lori Malatesta and Stylianos Asteriadis and George Caridakis and Asimina Vasalou and Kostas Karpouzis",
keywords = "Affective computing, Gesture expressivity parameters, Association of representations, Modelling expressivity, Expressivity judgment study, Neuro-fuzzy network",
}

@misc{Noitom2015Doc,
author = "NOITOM",
title = "Axis Neuron User Guide",
year = "2015"
}

@article{Yang2011Raa,
title = "Recent advances and trends in visual tracking: A review",
journal = "Neurocomputing",
volume = "74",
number = "18",
pages = "3823 - 3831",
year = "2011",
issn = "0925-2312",
%doi = "https://doi.org/10.1016/j.neucom.2011.07.024",
%url = "http://www.sciencedirect.com/science/article/pii/S0925231211004668",
author = "Hanxuan Yang and Ling Shao and Feng Zheng and Liang Wang and Zhan Song",
keywords = "Visual tracking, Feature descriptor, Online learning, Contextural information, Monte Carlo sampling",
}

@article{Aggarwal2014Har,
title = "Human activity recognition from 3D data: A review",
journal = "Pattern Recognition Letters",
volume = "48",
pages = "70 - 80",
year = "2014",
note = "Celebrating the life and work of Maria Petrou",
issn = "0167-8655",
%doi = "https://doi.org/10.1016/j.patrec.2014.04.011",
%url = "http://www.sciencedirect.com/science/article/pii/S0167865514001299",
author = "J.K. Aggarwal and Lu Xia",
keywords = "Computer vision, Human activity recognition, 3D data, Depth image",
}

@article{Gao2011JSON,
  title={Research on data transmission efficiency of JSON},
  author={Gao, Jing and Duan, Hui-chuan},
  journal={Computer Engineering and Design},
  volume={32},
  number={7},
  pages={2267--2270},
  year={2011},
  publisher={China Aerospace Science \& Industry Corporation, P. O. Box 142 Beijing 100854~…}
}

@inproceedings{Zappella2008MSR,
 author = {Zappella, Luca and Llad\'{o}, Xavier and Salvi, Joaquim},
 title = {Motion Segmentation: A Review},
 booktitle = {Proceedings of the 2008 Conference on Artificial Intelligence Research and Development: Proceedings of the 11th International Conference of the Catalan Association for Artificial Intelligence},
 year = {2008},
 isbn = {978-1-58603-925-7},
 pages = {398--407},
 numpages = {10},
 %url = {http://dl.acm.org/citation.cfm?id=1566899.1566953},
 acmid = {1566953},
 publisher = {IOS Press},
 address = {Amsterdam, The Netherlands, The Netherlands},
 keywords = {Computer Vision, Motion Analysis, Motion Segmentation},
}

@INPROCEEDINGS{Wang2013HMM,
author={R. {Wang} and G. {Medioni} and C. J. {Winstein} and C. {Blanco}},
booktitle={2013 IEEE Conference on Computer Vision and Pattern Recognition Workshops},
title={Home Monitoring Musculo-skeletal Disorders with a Single 3D Sensor},
year={2013},
volume={},
number={},
pages={521-528},
keywords={bone;diseases;feedback;home computing;image recognition;medical disorders;medical image processing;muscle;patient monitoring;patient rehabilitation;home monitoring musculo-skeletal disorders;single 3D sensor;automated quantitative evaluation;noninvasive home monitoring system;motion symptoms;clinical feedback;representative skeletal action unit;RSAU;spatio-temporal motion pattern;rehabilitation plan design;temporal alignment spatial summarization;TASS;Parkinson's disease;multiple repeated skeletal action units;clinically validated standardized tests;clinical measurements;Three-dimensional displays;Monitoring;Legged locomotion;Parkinson's disease;Robustness;Noise;Heuristic algorithms},
%doi={10.1109/CVPRW.2013.83},
ISSN={2160-7516},
month={June},}

@article{Shaughnessy2006TaM,
author = {Shaughnessy, Marianne and Resnick, Barbara and Macko, Richard},
year = {2006},
month = {01},
pages = {15-21},
title = {Testing a Model of Post-Stroke Exercise Behavior},
volume = {31},
journal = {Rehabilitation nursing : the official journal of the Association of Rehabilitation Nurses},
%doi = {10.1002/j.2048-7940.2006.tb00005.x}
}

@inproceedings{Alankus2010TCG,
 author = {Alankus, Gazihan and Lazar, Amanda and May, Matt and Kelleher, Caitlin},
 title = {Towards Customizable Games for Stroke Rehabilitation},
 booktitle = {Proceedings of the SIGCHI Conference on Human Factors in Computing Systems},
 series = {CHI '10},
 year = {2010},
 %isbn = {978-1-60558-929-9},
 location = {Atlanta, Georgia, USA},
 pages = {2113--2122},
 numpages = {10},
 %url = {http://doi.acm.org/10.1145/1753326.1753649},
 %doi = {10.1145/1753326.1753649},
 acmid = {1753649},
 publisher = {ACM},
 address = {New York, NY, USA},
 keywords = {design, stroke rehabilitation, video games},
}

@ARTICLE{Chen2016TPG,
author={S. {Chen} and J. {Lach} and B. {Lo} and G. {Yang}},
journal={IEEE Journal of Biomedical and Health Informatics},
title={Toward Pervasive Gait Analysis With Wearable Sensors: A Systematic Review},
year={2016},
volume={20},
number={6},
pages={1521-1537},
keywords={biomedical equipment;feature extraction;gait analysis;patient diagnosis;reviews;sensors;pervasive gait analysis;wearable sensors;review;gait feature extraction;Wearable sensors;Optical variables measurement;Pressure measurement;Biomedical measurement;Motion measurement;Legged locomotion;Medical services;Free-living gait analysis;gait analysis;inertial sensors;insole pressure sensors;medical applications;quantitative gait analysis;wearable sensors;Accelerometry;Algorithms;Biomechanical Phenomena;Gait;Gait Disorders, Neurologic;Humans;Monitoring, Ambulatory;Signal Processing, Computer-Assisted},
%doi={10.1109/JBHI.2016.2608720},
ISSN={2168-2194},
month={Nov},}

@online{WikiTree,
  author = {Wikipedia},
  title = {Arbre (théorie des graphes)},
  year = 2019,
  url = {https://fr.wikipedia.org/wiki/Arbre_(th%C3%A9orie_des_graphes)},
  urldate = {2019-08-14}
}

@article{Yamaoka2013FoF,
title = "Feedback of Flying Disc Throw with Kinect and its Evaluation",
journal = "Procedia Computer Science",
volume = "22",
pages = "912 - 920",
year = "2013",
note = "17th International Conference in Knowledge Based and Intelligent Information and Engineering Systems - KES2013",
issn = "1877-0509",
%doi = "https://doi.org/10.1016/j.procs.2013.09.174",
%url = "http://www.sciencedirect.com/science/article/pii/S1877050913009678",
author = "Koji Yamaoka and Masataka Uehara and Takeshi Shima and Yasuhisa Tamura",
keywords = "Flying disc, throwing movement, Kinect, capture, feedback",
}

@article{Kneebone2004Sac,
author = {Kneebone, R L and Scott, W and Darzi, A and Horrocks, M},
title = {Simulation and clinical practice: strengthening the relationship},
journal = {Medical Education},
volume = {38},
number = {10},
pages = {1095-1102},
keywords = {education, medical undergraduate/*methods, clinical competence/*standards, patient simulation, surgery/education/methods},
%doi = {10.1111/j.1365-2929.2004.01959.x},
%url = {https://onlinelibrary.wiley.com/doi/abs/10.1111/j.1365-2929.2004.01959.x},
%eprint = {https://onlinelibrary.wiley.com/doi/pdf/10.1111/j.1365-2929.2004.01959.x},
year = {2004}
}

@Inbook{Pulijala2017VRS,
author="Pulijala, Yeshwanth
and Ma, Minhua
and Ayoub, Ashraf",
editor="Ma, Minhua
and Oikonomou, Andreas",
title="VR Surgery: Interactive Virtual Reality Application for Training Oral and Maxillofacial Surgeons using Oculus Rift and Leap Motion",
bookTitle="Serious Games and Edutainment Applications : Volume II",
year="2017",
publisher="Springer International Publishing",
address="Cham",
pages="187--202",
isbn="978-3-319-51645-5",
%doi="10.1007/978-3-319-51645-5_8",
%url="https://doi.org/10.1007/978-3-319-51645-5_8"
}

@article{Rawashdeh2016WIMU,
title={Wearable IMU for Shoulder Injury Prevention in Overhead Sports},
volume={16},
ISSN={1424-8220},
%url={http://dx.doi.org/10.3390/s16111847},
%doi={10.3390/s16111847},
number={11},
journal={Sensors},
publisher={MDPI AG},
author={Rawashdeh, Samir and Rafeldt, Derek and Uhl, Timothy},
year={2016},
month={Nov},
pages={1847}
}

@article{Burns2011Uvh,
  author = {Burns, Anne-Marie and Kulpa, Richard and Durny, Annick and Spanlang, Bernhard and Slater, Mel and Multon, Franck},
  title = {Using virtual humans and computer animations to learn complex motor skills: a case study in karate},
  %DOI= "10.1051/bioconf/20110100012",
  %url= "https://doi.org/10.1051/bioconf/20110100012",
  journal = {BIO Web of Conferences},
  year = 2011,
  volume = 1,
  pages = "00012",
}

@article{Kyan2015ABD,
 author = {Kyan, Matthew and Sun, Guoyu and Li, Haiyan and Zhong, Ling and Muneesawang, Paisarn and Dong, Nan and Elder, Bruce and Guan, Ling},
 title = {An Approach to Ballet Dance Training Through MS Kinect and Visualization in a CAVE Virtual Reality Environment},
 journal = {ACM Trans. Intell. Syst. Technol.},
 issue_date = {May 2015},
 volume = {6},
 number = {2},
 month = mar,
 year = {2015},
 issn = {2157-6904},
 pages = {23:1--23:37},
 articleno = {23},
 numpages = {37},
 %url = {http://doi.acm.org/10.1145/2735951},
 %doi = {10.1145/2735951},
 acmid = {2735951},
 publisher = {ACM},
 address = {New York, NY, USA},
 keywords = {CAVE, MS Kinect, ballet, dance, gesture recognition, human--computer interaction, immersive training and simulation, self-organizing maps, virtual reality},
}

@Article{Maes2012DtM,
author={Maes, Pieter-Jan
and Amelynck, Denis
and Leman, Marc},
title={Dance-the-Music: an educational platform for the modeling, recognition and audiovisual monitoring of dance steps using spatiotemporal motion templates},
journal={EURASIP Journal on Advances in Signal Processing},
year={2012},
volume={2012},
number={1},
pages={35},
abstract={In this article, a computational platform is presented, entitled "Dance-the-Music", that can be used in a dance educational context to explore and learn the basics of dance steps. By introducing a method based on spatiotemporal motion templates, the platform facilitates to train basic step models from sequentially repeated dance figures performed by a dance teacher. Movements are captured with an optical motion capture system. The teachers' models can be visualized from a first-person perspective to instruct students how to perform the specific dance steps in the correct manner. Moreover, recognition algorithms-based on a template matching method-can determine the quality of a student's performance in real time by means of multimodal monitoring techniques. The results of an evaluation study suggest that the Dance-the-Music is effective in helping dance students to master the basics of dance figures.},
issn={1687-6180},
%doi={10.1186/1687-6180-2012-35},
%url={https://doi.org/10.1186/1687-6180-2012-35}
}

@InProceedings{Pirsiavash2014AQA,
author="Pirsiavash, Hamed
and Vondrick, Carl
and Torralba, Antonio",
editor="Fleet, David
and Pajdla, Tomas
and Schiele, Bernt
and Tuytelaars, Tinne",
title="Assessing the Quality of Actions",
booktitle="Computer Vision -- ECCV 2014",
year="2014",
publisher="Springer International Publishing",
address="Cham",
pages="556--571"
}

@inproceedings{Pham2010Tdg,
  %doi = {10.1109/iembs.2010.5627632},
  %url = {https://doi.org/10.1109/iembs.2010.5627632},
  year = {2010},
  month = {aug},
  publisher = {{IEEE}},
  author = {M T Pham and R Moreau and P Boulanger},
  title = {Three-dimensional gesture comparison using curvature analysis of position and orientation},
  booktitle = {2010 Annual International Conference of the {IEEE} Engineering in Medicine and Biology}
}

@article{Despinoy2016UTS,
  %doi = {10.1109/tbme.2015.2493100},
  %url = {https://doi.org/10.1109/tbme.2015.2493100},
  year = {2016},
  month = jun,
  publisher = {Institute of Electrical and Electronics Engineers ({IEEE})},
  volume = {63},
  number = {6},
  pages = {1280--1291},
  author = {Fabien Despinoy and David Bouget and Germain Forestier and Cedric Penet and Nabil Zemiti and Philippe Poignet and Pierre Jannin},
  title = {Unsupervised Trajectory Segmentation for Surgical Gesture Recognition in Robotic Training},
  journal = {{IEEE} Transactions on Biomedical Engineering}
}

@article{Rasamimanana2008EbA,
  %doi = {10.1080/09298210902731386},
  %url = {https://doi.org/10.1080/09298210902731386},
  year = {2008},
  month = dec,
  publisher = {Informa {UK} Limited},
  volume = {37},
  number = {4},
  pages = {339--351},
  author = {Nicolas Rasamimanana and Fr{\'{e}}d{\'{e}}ric Bevilacqua},
  title = {Effort-based Analysis of Bowing Movements: Evidence of Anticipation Effects},
  journal = {Journal of New Music Research}
}

@article{deVries2006Cro,
  %doi = {10.1016/j.jclinepi.2005.11.020},
  %url = {https://doi.org/10.1016/j.jclinepi.2005.11.020},
  year = {2006},
  month = jul,
  publisher = {Elsevier {BV}},
  volume = {59},
  number = {7},
  pages = {670--680},
  author = {Sanne I. de Vries and Ingrid Bakker and Marijke Hopman-Rock and Remy A. Hirasing and Willem van Mechelen},
  title = {Clinimetric review of motion sensors in children and adolescents},
  journal = {Journal of Clinical Epidemiology}
}

@INPROCEEDINGS{Philo2003Tfp,
author={ {Philo Tan Chua} and R. {Crivella} and B. {Daly} and {Ning Hu} and R. {Schaaf} and D. {Ventura} and T. {Camill} and J. {Hodgins} and R. {Pausch}},
booktitle={IEEE Virtual Reality, 2003. Proceedings.},
title={Training for physical tasks in virtual environments: Tai Chi},
year={2003},
volume={},
number={},
pages={87-94},
keywords={computer based training;virtual reality;user interfaces;sport;helmet mounted displays;mobile computing;physical task training;virtual environments;wireless virtual reality system;full body Tai Chi training application;animated representation;belt-worn video receiver;head-mounted display;user interface;immersive techniques;virtual teacher;motion training tasks;Virtual reality;Virtual environment;Displays;Animation;Optical feedback;Virtual prototyping;User interfaces;Testing;Tracking;Wires},
%doi={10.1109/VR.2003.1191125},
ISSN={1087-8270},
month={March},}

@INPROCEEDINGS{Aristidou2014Fef,
author={A. {Aristidou} and Y. {Chrysanthou}},
booktitle={2014 International Conference on Computer Graphics Theory and Applications (GRAPP)},
title={Feature extraction for human motion indexing of acted dance performances},
year={2014},
volume={},
number={},
pages={1-11},
keywords={Feature extraction;Indexing;Shape;Space vehicles;Joints;Torso;Animation;Motion Capture;Laban Movement Analysis;Motion Indexing;Emotions},
%doi={},
ISSN={},
month={Jan},}

@online{WikiLaban,
  author = {Wikipedia},
  title = {Cinétographie Laban},
  year = 2019,
  url = {https://fr.wikipedia.org/wiki/Cin%C3%A9tographie_Laban},
  urldate = {2019-09-02}
}

@article{Xu2019Ptt,
title = "Personalized training through Kinect-based games for physical education",
journal = "Journal of Visual Communication and Image Representation",
volume = "62",
pages = "394 - 401",
year = "2019",
issn = "1047-3203",
%doi = "https://doi.org/10.1016/j.jvcir.2019.05.007",
%url = "http://www.sciencedirect.com/science/article/pii/S1047320319301622",
author = "Mingliang Xu and Yafang Zhai and Yibo Guo and Pei Lv and Yafei Li and Meng Wang and Bing Zhou",
keywords = "Kinect, Educational games"
}

@inproceedings{Lewis2000Psd,
  %doi = {10.1145/344779.344862},
  %url = {https://doi.org/10.1145/344779.344862},
  year = {2000},
  publisher = {{ACM} Press},
  author = {J. P. Lewis and Matt Cordner and Nickson Fong},
  title = {Pose space deformation},
  booktitle = {Proceedings of the 27th annual conference on Computer graphics and interactive techniques  - {SIGGRAPH} {\textquotesingle}00}
}

@article{Tan2000Cbp,
title = "Correlations between physiological parameters and performance in elite ten-pin bowlers",
journal = "Journal of Science and Medicine in Sport",
volume = "3",
number = "2",
pages = "176 - 185",
year = "2000",
issn = "1440-2440",
%doi = "https://doi.org/10.1016/S1440-2440(00)80079-1",
%url = "http://www.sciencedirect.com/science/article/pii/S1440244000800791",
author = "Benedict Tan and Abdul Rashid Aziz and Teh Kong Chuan"
}

@article{Zappala2017IoP,
title = "Influence of Posture-Cuing Shirt on Tennis Serve Kinematics in Division III Tennis Players",
journal = "Journal of Chiropractic Medicine",
volume = "16",
number = "1",
pages = "49 - 53",
year = "2017",
issn = "1556-3707",
%doi = "https://doi.org/10.1016/j.jcm.2016.05.003",
%url = "http://www.sciencedirect.com/science/article/pii/S1556370716301389",
author = "Joseph Zappala and Carolina Orrego and Emily Boe and Heather Fechner and Derek Salminen and Daniel J. Cipriani",
keywords = "Shoulder, Posture, Kinesiology, Applied, Biomechanical Phenomena"
}

@incollection{Cooper2011Slr,
  title={Sign language recognition},
  author={Cooper, Helen and Holt, Brian and Bowden, Richard},
  booktitle={Visual Analysis of Humans},
  pages={539--562},
  year={2011},
  publisher={Springer}
}

@article{Gameiro2014KST,
title = "Kinect-Sign, Teaching Sign Language to “Listeners” through a Game",
journal = "Procedia Technology",
volume = "17",
pages = "384 - 391",
year = "2014",
note = "Conference on Electronics, Telecommunications and Computers – CETC 2013.",
issn = "2212-0173",
%doi = "https://doi.org/10.1016/j.protcy.2014.10.199",
%url = "http://www.sciencedirect.com/science/article/pii/S2212017314004356",
author = "João Gameiro and Tiago Cardoso and Yves Rybarczyk",
keywords = "Kinect Sensor, Sign Language, Serious Game, Gesture Recognition",
}

@article{Baldominos2015AAt,
title = "An Approach to Physical Rehabilitation Using State-of-the-art Virtual Reality and Motion Tracking Technologies",
journal = "Procedia Computer Science",
volume = "64",
pages = "10 - 16",
year = "2015",
note = "Conference on ENTERprise Information Systems/International Conference on Project MANagement/Conference on Health and Social Care Information Systems and Technologies, CENTERIS/ProjMAN / HCist 2015 October 7-9, 2015",
issn = "1877-0509",
%doi = "https://doi.org/10.1016/j.procs.2015.08.457",
%url = "http://www.sciencedirect.com/science/article/pii/S1877050915025922",
author = "Alejandro Baldominos and Yago Saez and Cristina García del Pozo",
keywords = "physical rehabilitation, virtual reality, oculus rift, motion tracking, intel realsense."
}

@article{Missaoui2009Hfd,
  doi = {10.1016/j.neucli.2009.07.002},
  url = {https://doi.org/10.1016/j.neucli.2009.07.002},
  year = {2009},
  month = oct,
  publisher = {Elsevier {BV}},
  volume = {39},
  number = {4-5},
  pages = {229--233},
  author = {B. Missaoui and P. Thoumie},
  title = {How far do patients with sensory ataxia benefit from so-called {\textquotedblleft}proprioceptive rehabilitation{\textquotedblright}?},
  journal = {Neurophysiologie Clinique/Clinical Neurophysiology}
}

@article{Kulpa2005Mir,
  TITLE = {{Morphology-independent representation of motions for interactive human-like animation}},
  AUTHOR = {Kulpa, Richard and Multon, Franck and Arnaldi, Bruno},
  URL = {https://hal.inria.fr/inria-00441139},
  JOURNAL = {{Computer Graphics Forum}},
  PUBLISHER = {{Wiley}},
  VOLUME = {24},
  NUMBER = {3},
  PAGES = {343-352},
  YEAR = {2005},
  HAL_ID = {inria-00441139},
  HAL_VERSION = {v1},
}

@article{Aminian2004Chm,
author = {Aminian, Kamiar and Najafi, Bijan},
title = {Capturing human motion using body-fixed sensors: outdoor measurement and clinical applications},
journal = {Computer Animation and Virtual Worlds},
volume = {15},
number = {2},
pages = {79-94},
keywords = {motion capture, sensors, outdoor monitoring, gait, posture, clinical studies},
%doi = {10.1002/cav.2},
%url = {https://onlinelibrary.wiley.com/doi/abs/10.1002/cav.2},
%eprint = {https://onlinelibrary.wiley.com/doi/pdf/10.1002/cav.2},
year = {2004}
}

@inproceedings{LaViola2010AIt,
 author = {LaViola,Jr., Joseph J. and Marks, Richard L.},
 title = {An Introduction to 3D Spatial Interaction with Video Game Motion Controllers},
 booktitle = {ACM SIGGRAPH 2010 Courses},
 series = {SIGGRAPH '10},
 year = {2010},
 isbn = {978-1-4503-0395-8},
 location = {Los Angeles, California},
 pages = {2:1--2:78},
 articleno = {2},
 numpages = {78},
 url = {http://doi.acm.org/10.1145/1837101.1837103},
 doi = {10.1145/1837101.1837103},
 acmid = {1837103},
 publisher = {ACM},
 address = {New York, NY, USA},
}

@article{Pfister2014Cao,
author = {Alexandra Pfister and Alexandre M. West and Shaw Bronner and Jack Adam Noah},
title = {Comparative abilities of Microsoft Kinect and Vicon 3D motion capture for gait analysis},
journal = {Journal of Medical Engineering \& Technology},
volume = {38},
number = {5},
pages = {274-280},
year  = {2014},
publisher = {Taylor & Francis},
%doi = {10.3109/03091902.2014.909540}
}

@INPROCEEDINGS{Guimaraes2016Amt,
author={V. {Guimarães} and L. {Castro} and S. {Carneiro} and M. {Monteiro} and T. {Rocha} and M. {Barandas} and J. {Machado} and M. {Vasconcelos} and H. {Gamboa} and D. {Elias}},
booktitle={2016 International Conference on Indoor Positioning and Indoor Navigation (IPIN)},
title={A motion tracking solution for indoor localization using smartphones},
year={2016},
volume={},
number={},
pages={1-8},
keywords={feature extraction;gait analysis;Global Positioning System;image filtering;image matching;image motion analysis;object tracking;smart phones;motion tracking;indoor localization;smartphone;sensor-rich mobile device;GPS;location-aware services;outdoor localization;indoor positioning mechanism;multiple gait-model-based filtering technique;advanced fused positioning mechanism;magnetic field fluctuation;Wi-Fi reading;movement data;feature spot map matching;multidimensional spatially-related feature;overall median localization error;Buildings;Smart phones;Legged locomotion;Sensors;Tracking;Magnetometers;Earth;Motion tracking;Indoor Localization;Gait analysis;Feature spot maps;Architectural features;Magnetic field;Wi-Fi;Map matching;Particle filter},
%doi={10.1109/IPIN.2016.7743680},
ISSN={},
month={Oct},}

@article{Regazzoni2014Rcv,
title = "RGB cams vs RGB-D sensors: Low cost motion capture technologies performances and limitations",
journal = "Journal of Manufacturing Systems",
volume = "33",
number = "4",
pages = "719 - 728",
year = "2014",
issn = "0278-6125",
%doi = "https://doi.org/10.1016/j.jmsy.2014.07.011",
%url = "http://www.sciencedirect.com/science/article/pii/S0278612514000910",
author = "Daniele Regazzoni and Giordano de Vecchi and Caterina Rizzi",
keywords = "RGB, RGB-D, Depth cameras, Motion capture, Digital Human Models, Benchmark"
}

@article{Lv2015CEI,
  %doi = {10.3390/s150100932},
  %url = {https://doi.org/10.3390/s150100932},
  year = {2015},
  month = jan,
  publisher = {{MDPI} {AG}},
  volume = {15},
  number = {1},
  pages = {932--964},
  author = {Zhuowen Lv and Xianglei Xing and Kejun Wang and Donghai Guan},
  title = {Class Energy Image Analysis for Video Sensor-Based Gait Recognition: A Review},
  journal = {Sensors}
}

@article{Liu2016Tb3,
  %doi = {10.1108/ci-10-2015-0054},
  %url = {https://doi.org/10.1108/ci-10-2015-0054},
  year = {2016},
  month = jul,
  publisher = {Emerald},
  volume = {16},
  number = {3},
  pages = {348--367},
  author = {Meiyin Liu and SangUk Han and SangHyun Lee},
  title = {Tracking-based 3D human skeleton extraction from stereo video camera toward an on-site safety and ergonomic analysis},
  journal = {Construction Innovation}
}

@article{Sarafianos2016DHp,
title = "3D Human pose estimation: A review of the literature and analysis of covariates",
journal = "Computer Vision and Image Understanding",
volume = "152",
pages = "1 - 20",
year = "2016",
issn = "1077-3142",
%doi = "https://doi.org/10.1016/j.cviu.2016.09.002",
%url = "http://www.sciencedirect.com/science/article/pii/S1077314216301369",
author = "Nikolaos Sarafianos and Bogdan Boteanu and Bogdan Ionescu and Ioannis A. Kakadiaris",
keywords = "3D Human pose estimation, Articulated tracking, Anthropometry, Human motion analysis"
}

@ARTICLE{Yang2016HUL,
author={C. {Yang} and A. {Kerr} and V. {Stankovic} and L. {Stankovic} and P. {Rowe} and S. {Cheng}},
journal={IEEE Access},
title={Human Upper Limb Motion Analysis for Post-Stroke Impairment Assessment Using Video Analytics},
year={2016},
volume={4},
number={},
pages={650-659},
keywords={decision support systems;health care;image motion analysis;medical image processing;motion measurement;patient rehabilitation;human upper limb motion analysis;post stroke impairment assessment;video analytics;decision support system;tracking markers;detecting markers;Strokes;Video analytics;Patient rehabilitation;Biomedical signal processing;Graphical models;Assistive technology;Signal processing;Rehabilitation;Graph-based signal processing;Video analytics;Rehabilitation;graph-based signal processing;video analytics},
%doi={10.1109/ACCESS.2016.2523803},
ISSN={},
month={},}

@INPROCEEDINGS{He2017Iac,
author={T. {He} and X. {Chen} and Z. {Chen} and Y. {Li} and S. {Liu} and J. {Hou} and Y. {He}},
booktitle={2017 IEEE Virtual Reality (VR)},
title={Immersive and collaborative Taichi motion learning in various VR environments},
year={2017},
volume={},
number={},
pages={307-308},
keywords={computer aided instruction;groupware;teaching;virtual reality;immersive Taichi motion learning;collaborative Taichi motion learning;VR environments;ImmerTai;motion teaching;Chinese Taichi motion;immersive environments;Taichi expert motion;multimodal forms;immersive CAVE;HMD;students motions;quality assessment;virtual collaborative learning;Taichi motion dataset;learning effectiveness;learning efficiency;learning quality;cave automatic virtual environment;Resists;Avatars;Training;Virtual environments;Layout;Immersive education;motion training;VR},
doi={10.1109/VR.2017.7892299},
ISSN={},
month={March},}

@unpublished{Tchounikine2009PdR,
  TITLE = {{Pr{\'e}cis de recherche en Ing{\'e}nierie des EIAH}},
  AUTHOR = {Tchounikine, Pierre},
  %URL = {https://hal.archives-ouvertes.fr/hal-00413694},
  NOTE = {109 pages},
  YEAR = {2009},
  MONTH = Jun,
  KEYWORDS = {Technology Enhanced Learning systems Design Implementation Engineering ; EIAH ing{\'e}nierie m{\'e}thodologie conception design sciences de l'artificiel},
  %PDF = {https://hal.archives-ouvertes.fr/hal-00413694/file/PrecisV1.pdf},
  %HAL_ID = {hal-00413694},
  %HAL_VERSION = {v2}
}

@book{Melton2014Coh,
  title={Categories of human learning},
  author={Melton, Arthur W},
  year={2014},
  publisher={Academic Press}
}

@inproceedings{Kassab2008Fbc,
  title={Feature-based cluster validation for high-dimensional data},
  author={Kassab, Randa and Lamirel, Jean-Charles},
  booktitle={Proceedings of the 26th IASTED International Conference on Artificial Intelligence and Applications},
  pages={232--239},
  year={2008},
  organization={ACTA Press}
}

@inproceedings{Khalil2014Mcr,
  title={MOOCs completion rates and possible methods to improve retention-A literature review},
  author={Khalil, Hanan and Ebner, Martin},
  booktitle={EdMedia+ Innovate Learning},
  pages={1305--1313},
  year={2014},
  organization={Association for the Advancement of Computing in Education (AACE)}
}

@article{Eraut200Nfl,
  title={Non-formal learning and tacit knowledge in professional work},
  author={Eraut, Michael},
  journal={British journal of educational psychology},
  volume={70},
  number={1},
  pages={113--136},
  year={2000},
  publisher={Wiley Online Library}
}

@article{Chellali2016Aia,
  title={Achieving interface and environment fidelity in the Virtual Basic Laparoscopic Surgical Trainer},
  author={Chellali, Amine and Mentis, Helena and Miller, Amie and Ahn, Woojin and Arikatla, Venkata S and Sankaranarayanan, Ganesh and De, Suvranu and Schwaitzberg, Steven D and Cao, Caroline GL},
  journal={International journal of human-computer studies},
  volume={96},
  pages={22--37},
  year={2016},
  publisher={Elsevier}
}

@incollection{Gillespie2018Hit,
  title={Haptic interface to virtual environments},
  author={Gillespie, R Brent},
  booktitle={Robotics and Automation Handbook},
  pages={463--485},
  year={2018},
  publisher={CRC Press}
}

@article{Bevly2004Gps,
  title={Global positioning system (GPS): A low-cost velocity sensor for correcting inertial sensor errors on ground vehicles},
  author={Bevly, David M},
  journal={Journal of dynamic systems, measurement, and control},
  volume={126},
  number={2},
  pages={255--264},
  year={2004},
  publisher={American Society of Mechanical Engineers Digital Collection}
}

@article{Roetenberg2005Com,
  title={Compensation of magnetic disturbances improves inertial and magnetic sensing of human body segment orientation},
  author={Roetenberg, Daniel and Luinge, Henk J and Baten, Chris TM and Veltink, Peter H},
  journal={IEEE Transactions on neural systems and rehabilitation engineering},
  volume={13},
  number={3},
  pages={395--405},
  year={2005},
  publisher={IEEE}
}

@Inbook{Salamah2015HMf,
author="Salamah, Samer
and Zhang, Liang
and Brunnett, Guido",
editor="Brunnett, Guido
and Coquillart, Sabine
and van Liere, Robert
and Welch, Gregory
and V{\'a}{\v{s}}a, Libor",
title="Hierarchical Method for Segmentation by Classification of Motion Capture Data",
bookTitle="Virtual Realities: International Dagstuhl Seminar, Dagstuhl Castle, Germany, June 9-14, 2013, Revised Selected Papers",
year="2015",
publisher="Springer International Publishing",
address="Cham",
pages="169--186",
%isbn="978-3-319-17043-5",
%doi="10.1007/978-3-319-17043-5_10",
%url="https://doi.org/10.1007/978-3-319-17043-5_10"
}

@article{Faisal2015Kinect,
  title={Kinect-based gait recognition using sequences of the most relevant joint relative angles},
  author={Ahmed, Faisal and Polash Paul, Padma and Gavrilova, Marina L},
  year={2015},
  publisher={V{\'a}clav Skala-UNION Agency}
}

@misc{WinNT,
  title = {{MS Windows NT} Kernel Description},
  howpublished = {\url{https://www.vive.com/fr/product/#vive-spec}},
  note = {Accessed: 2010-09-30}
}

@online{HTCViveSpecs,
  author = {HTC},
  title = {HTC Vive Specifications},
  year = 2016,
  url = {https://www.vive.com/fr/product/#vive-spec},
  urldate = {2019-10-07}
}

@inproceedings{He2005LSf,
 author = {He, Xiaofei and Cai, Deng and Niyogi, Partha},
 title = {Laplacian Score for Feature Selection},
 booktitle = {Proceedings of the 18th International Conference on Neural Information Processing Systems},
 series = {NIPS'05},
 year = {2005},
 location = {Vancouver, British Columbia, Canada},
 pages = {507--514},
 numpages = {8},
 %url = {http://dl.acm.org/citation.cfm?id=2976248.2976312},
 acmid = {2976312},
 publisher = {MIT Press},
 address = {Cambridge, MA, USA},
}

@phdthesis{Morel2017Mts,
  TITLE = {{Multidimensional time-series averaging. Application to automatic and generic evaluation of sport gestures}},
  AUTHOR = {Morel, Marion},
  URL = {https://tel.archives-ouvertes.fr/tel-01703849},
  NUMBER = {2017PA066235},
  SCHOOL = {{Universit{\'e} Pierre et Marie Curie - Paris VI}},
  YEAR = {2017},
  MONTH = Nov,
  KEYWORDS = {Constrained DTW Barycenter Averaging ; Multidimensional features ; Motion capture ; Evaluation de gestes ; Moyennage de s{\'e}ries temporelles ; Dynamic Time Warping ; Synchronie ; Descripteurs multidimensionnels ; Capture de mouvements},
  TYPE = {Theses},
  %PDF = {https://tel.archives-ouvertes.fr/tel-01703849/file/2017PA066235.pdf},
  %HAL_ID = {tel-01703849},
  %HAL_VERSION = {v1},
}

@inproceedings{Hachimura2005Aae,
  %doi = {10.1109/roman.2005.1513794},
  %url = {https://doi.org/10.1109/roman.2005.1513794},
  publisher = {{IEEE}},
  year = {2005},
  author = {K. Hachimura and K. Takashina and M. Yoshimura},
  title = {Analysis and evaluation of dancing movement based on {LMA}},
  booktitle = {{ROMAN} 2005. {IEEE} International Workshop on Robot and Human Interactive Communication,  2005.}
}

@inproceedings{Senecal2018MAa,
 author = {Senecal, Simon and Nijdam, Niels A. and Thalmann, Nadia Magnenat},
 title = {Motion Analysis and Classification of Salsa Dance Using Music-related Motion Features},
 booktitle = {Proceedings of the 11th Annual International Conference on Motion, Interaction, and Games},
 series = {MIG '18},
 year = {2018},
 isbn = {978-1-4503-6015-9},
 location = {Limassol, Cyprus},
 pages = {11:1--11:10},
 articleno = {11},
 numpages = {10},
 %url = {http://doi.acm.org/10.1145/3274247.3274514},
 %doi = {10.1145/3274247.3274514},
 acmid = {3274514},
 publisher = {ACM},
 address = {New York, NY, USA},
 keywords = {couple dance, motion analysis, motion features},
}

@article{Aristidou2015FDE,
 author = {Aristidou, Andreas and Stavrakis, Efstathios and Charalambous, Panayiotis and Chrysanthou, Yiorgos and Himona, Stephania Loizidou},
 title = {Folk Dance Evaluation Using Laban Movement Analysis},
 journal = {J. Comput. Cult. Herit.},
 issue_date = {August 2015},
 volume = {8},
 number = {4},
 month = aug,
 year = {2015},
 issn = {1556-4673},
 pages = {20:1--20:19},
 articleno = {20},
 numpages = {19},
 %url = {http://doi.acm.org/10.1145/2755566},
 %doi = {10.1145/2755566},
 acmid = {2755566},
 publisher = {ACM},
 address = {New York, NY, USA},
 keywords = {Folk dances, Laban Movement Analysis, motion capture, motion comparison, motion evaluation},
}

@InProceedings{Delest2019MaE,
author="Djadja, Djadja Jean Delest
and Hamon, Ludovic
and George, S{\'e}bastien",
editor="Scheffel, Maren
and Broisin, Julien
and Pammer-Schindler, Viktoria
and Ioannou, Andri
and Schneider, Jan",
title="Modeling and Evaluating of Human 3d+t Activities in Virtual Environment",
booktitle="Transforming Learning with Meaningful Technologies",
year="2019",
publisher="Springer International Publishing",
address="Cham",
pages="696--700",
%isbn="978-3-030-29736-7"
}

@article{Patrona2018MaA,
title = "Motion analysis: Action detection, recognition and evaluation based on motion capture data",
journal = "Pattern Recognition",
volume = "76",
pages = "612 - 622",
year = "2018",
issn = "0031-3203",
%doi = "https://doi.org/10.1016/j.patcog.2017.12.007",
%url = "http://www.sciencedirect.com/science/article/pii/S0031320317304910",
author = "Fotini Patrona and Anargyros Chatzitofis and Dimitrios Zarpalas and Petros Daras",
keywords = "Online human action detection, Online human action recognition, Motion evaluation, Kinect, Skeleton data, Automatic joint/angle weighting, Kinetic energy",
}

@article{Gibet2016IEi,
  TITLE = {{Interactive Editing in French Sign Language Dedicated to Virtual Signers: Requirements and Challenges}},
  AUTHOR = {Gibet, Sylvie and Lefebvre-Albaret, Fran{\c c}ois and Hamon, Ludovic and Brun, R{\'e}mi and Turki, Ahmed},
  %URL = {https://hal.archives-ouvertes.fr/hal-01367723},
  JOURNAL = {{Universal Access in the Information Society}},
  PUBLISHER = {{Springer Verlag}},
  VOLUME = {15},
  NUMBER = {4},
  PAGES = {525-539},
  YEAR = {2016},
  %DOI = {10.1007/s10209-015-0411-6},
  KEYWORDS = {Data-driven synthesis ; Interactive editing ; Signing avatar},
  %PDF = {https://hal.archives-ouvertes.fr/hal-01367723/file/UAIS_2014_Gibet_Lefebvre_Hamon_Brun_Turki.pdf},
  %HAL_ID = {hal-01367723},
  %HAL_VERSION = {v1},
}

@ARTICLE{LeNaour2019S3V,
AUTHOR={Le Naour, Thibaut and Hamon, Ludovic and Bresciani, Jean-Pierre},
TITLE={Superimposing 3D Virtual Self + Expert Modeling for Motor Learning: Application to the Throw in American Football},
JOURNAL={Frontiers in ICT},
VOLUME={6},
PAGES={16},
YEAR={2019},
%URL={https://www.frontiersin.org/article/10.3389/fict.2019.00016},
%DOI={10.3389/fict.2019.00016},
%ISSN={2297-198X},
}

@article{Baudouin2008Rdt,
  TITLE = {{Recueil de traces pour le suivi de l'activit{\'e} d'apprenants en travaux pratiques dans un environnement de r{\'e}alit{\'e} virtuelle}},
  AUTHOR = {Baudouin, Cyrille and Beney, Michel and Chevaillier, Pierre and Le Pallec, Agn{\`e}s},
  %URL = {https://halshs.archives-ouvertes.fr/halshs-00855125},
  JOURNAL = {{Sciences et Technologies de l'Information et de la Communication pour l'{\'E}ducation et la Formation}},
  PUBLISHER = {{ATIEF}},
  VOLUME = {14},
  PAGES = {en ligne},
  YEAR = {2008},
  KEYWORDS = {r{\'e}alit{\'e} virtuelle ; apprentissage ; recueil de traces ; travaux pratiques},
  %HAL_ID = {halshs-00855125},
  %HAL_VERSION = {v1},
}

@article{Choquet2007MTf,
  author = { Christophe Choquet and Sébastien Iksal },
  title = { Modeling Tracks for the Model Driven Re-engineering of a TEL System },
  journal = { Journal of Interactive Learning Research },
  volume = { 18 },
  number = { 2 },
  year = { 2007 },
  month = { April },
  pages = { 161--184 },
  address = { Waynesville, NC },
  publisher = { Association for the Advancement of Computing in Education (AACE) },
  %issn = { 1093-023X },
  %url = { https://www.learntechlib.org/p/22967 }
}

@article{Aggarwal2014Har,
title = "Human activity recognition from 3D data: A review",
journal = "Pattern Recognition Letters",
volume = "48",
pages = "70 - 80",
year = "2014",
note = "Celebrating the life and work of Maria Petrou",
issn = "0167-8655",
%doi = "https://doi.org/10.1016/j.patrec.2014.04.011",
%url = "http://www.sciencedirect.com/science/article/pii/S0167865514001299",
author = "J.K. Aggarwal and Lu Xia",
keywords = "Computer vision, Human activity recognition, 3D data, Depth image",
}

@InProceedings{Mahdi2019TaE,
author="Mahdi, Oussema
and Oubahssi, Lahcen
and Piau-Toffolon, Claudine
and Iksal, Sebastien",
editor="Scheffel, Maren
and Broisin, Julien
and Pammer-Schindler, Viktoria
and Ioannou, Andri
and Schneider, Jan",
title="Towards an Editor for VR-Oriented Educational Scenarios",
booktitle="Transforming Learning with Meaningful Technologies",
year="2019",
publisher="Springer International Publishing",
address="Cham",
pages="756--760",
abstract="VRLE (Virtual Reality Learning Environment) has long been used as an education tool. Our research work aims to propose solutions for assisting teachers to design, reuse and deploy their pedagogical scenarios in VRLE. In this demonstration paper, we present a VR-oriented pedagogical scenario editor that embeds our model allowing teachers to design and adapt their situations (in scenario form) and generate their own VRLE.",
isbn="978-3-030-29736-7"
}

@Article{Chamaret2010,
author="Chamaret, Damien
and Ullah, Sehat
and Richard, Paul
and Naud, Mickael",
title="Integration and evaluation of haptic feedbacks: from CAD models to virtual prototyping",
journal="International Journal on Interactive Design and Manufacturing (IJIDeM)",
year="2010",
month="May",
day="01",
volume="4",
number="2",
pages="87--94",
issn="1955-2505",
%doi="10.1007/s12008-010-0089-1",
%url="https://doi.org/10.1007/s12008-010-0089-1"
}

@INPROCEEDINGS{Shapira2016TVR,
author={L. {Shapira} and J. {Amores} and X. {Benavides}},
booktitle={2016 IEEE International Symposium on Mixed and Augmented Reality (ISMAR)},
title={TactileVR: Integrating Physical Toys into Learn and Play Virtual Reality Experiences},
year={2016},
volume={},
number={},
pages={100-106},
keywords={haptic interfaces;virtual reality;TactileVR;physical toys;virtual reality system;user interaction;tracking information integration;complex gesture inference;toy shaking;steering wheel rotatation;hand clapping;electric circuit lab toy blocks;physical objects;VR headset;Haptic interfaces;Virtual reality;Headphones;Tracking;Games;Cameras;Shape;H.5.1 [Multimedia Information Systems]: Artificial;augmented and virtual realities—; H.5.2 [User Interfaces]: Interaction Style—; I.3.7 [3-D Graphics]: Virtual Reality—},
%doi={10.1109/ISMAR.2016.25},
ISSN={},
month={Sep.},}

@book{Rissanen1998SCi,
author = {Rissanen, J},
title = {Stochastic Complexity in Statistical Inquiry},
publisher = {WORLD SCIENTIFIC},
year = {1998},
%doi = {10.1142/0822},
address = {},
edition   = {},
%URL = {https://www.worldscientific.com/doi/abs/10.1142/0822},
%eprint = {https://www.worldscientific.com/doi/pdf/10.1142/0822}
}

@article{Yang2014RoP,
  author = {Yang, Yan and Lisberger, Stephen G.},
  title = {Role of Plasticity at Different Sites across the Time Course of Cerebellar Motor Learning},
  volume = {34},
  number = {21},
  pages = {7077--7090},
  year = {2014},
  %doi = {10.1523/JNEUROSCI.0017-14.2014},
  publisher = {Society for Neuroscience},
  %issn = {0270-6474},
  %URL = {https://www.jneurosci.org/content/34/21/7077},
  %eprint = {https://www.jneurosci.org/content/34/21/7077.full.pdf},
  journal = {Journal of Neuroscience}
}

@book{Thode2002Tfn,
  title={Testing for normality},
  author={Thode, Henry C},
  volume={164},
  year={2002},
  publisher={CRC press}
}

@article{DAgostino1990ASf,
  %doi = {10.2307/2684359},
  %url = {https://doi.org/10.2307/2684359},
  year = {1990},
  month = nov,
  publisher = {{JSTOR}},
  volume = {44},
  number = {4},
  pages = {316},
  author = {Ralph B. D{\textquotesingle}Agostino and Albert Belanger and Ralph B. D{\textquotesingle}Agostino},
  title = {A Suggestion for Using Powerful and Informative Tests of Normality},
  journal = {The American Statistician}
}

@article{Halsey2015Tfp,
  title={The fickle P value generates irreproducible results},
  author={Halsey, Lewis G and Curran-Everett, Douglas and Vowler, Sarah L and Drummond, Gordon B},
  journal={Nature methods},
  volume={12},
  number={3},
  pages={179},
  year={2015},
  publisher={Nature Publishing Group}
}

@Inbook{Chen2006CSw,
author="Chen, Yi-Wei
and Lin, Chih-Jen",
editor="Guyon, Isabelle
and Nikravesh, Masoud
and Gunn, Steve
and Zadeh, Lotfi A.",
title="Combining SVMs with Various Feature Selection Strategies",
bookTitle="Feature Extraction: Foundations and Applications",
year="2006",
publisher="Springer Berlin Heidelberg",
address="Berlin, Heidelberg",
pages="315--324",
abstract="This article investigates the performance of combining support vector machines (SVM) and various feature selection strategies. Some of them are filter-type approaches: general feature selection methods independent of SVM, and some are wrapper-type methods: modifications of SVM which can be used to select features. We apply these strategies while participating to the NIPS 2003 Feature Selection Challenge and rank third as a group.",
isbn="978-3-540-35488-8",
%doi="10.1007/978-3-540-35488-8_13",
%url="https://doi.org/10.1007/978-3-540-35488-8_13"
}

@article{Hand2018Ano,
 author = {Hand, David and Christen, Peter},
 %doi = {10.1007/s11222-017-9746-6},
 journal = {Statistics and Computing},
 keywords = {},
 number = {3},
 pages = {539-547},
 title = {A note on using the F-measure for evaluating record linkage algorithms},
 %url = {https://app.dimensions.ai/details/publication/pub.1084928040 and http://spiral.imperial.ac.uk/bitstream/10044/1/46235/2/stco-d-16-00349-final.pdf},
 volume = {28},
 year = {2018}
}


@article{Ashford2006OME,
  %doi = {10.3200/jmbr.38.3.185-205},
  %url = {https://doi.org/10.3200/jmbr.38.3.185-205},
  year = {2006},
  month = may,
  publisher = {Informa {UK} Limited},
  volume = {38},
  number = {3},
  pages = {185--205},
  author = {Derek Ashford and Simon J. Bennett and Keith Davids},
  title = {Observational Modeling Effects for Movement Dynamics and Movement Outcome Measures Across Differing Task Constraints: A Meta-Analysis},
  journal = {Journal of Motor Behavior}
}

%%%%%%%%%%%%%%%%%%%%%%%%%%%%%%%%%%%%%%%%%%%%%%%%%%
% UNUSED
@book{hatwell2000toucher,
  title={Toucher pour conna{\^\i}tre: psychologie cognitive de la perception tactile manuelle},
  author={Hatwell, Y. and Streri, A. and Gentaz, E.},
  isbn={9782130510451},
  series={Psychologie et sciences de la pens{\'e}e},
  url={https://books.google.fr/books?id=9HlWAAAACAAJ},
  year={2000},
  publisher={Presses Universitaires de France}
}

